@article{national2004ncrp,
  title={{NCRP Report 147: Structural Shielding Design for Medical X-ray Imaging Facilities}},
  author={National Council on Radiation Protection and Measurements},
  journal={National Council on Radiation Protection and Measurements website},
  year={2004}
}